% This file was created with JabRef 2.5.
% Encoding: Cp1252

@ARTICLE{brennan_schwartz_fd,
  author = {Michael J. Brennan and Eduardo S. Schwartz},
  title = {Finite Difference Methods and Jump Processes Arising in the Pricing
	of Contingent
	
	Claims: A Synthesis},
  journal = {Journal of Financial and Quantitative Analysis},
  year = {1978},
  volume = {13},
  pages = {461--474},
  owner = {Jin},
  timestamp = {2012.06.06}
}

@comment{jabref-meta: selector_publisher:}

@comment{jabref-meta: selector_author:}

@comment{jabref-meta: selector_journal:}

@comment{jabref-meta: selector_keywords:}

