
@inproceedings{143862,
	author = {Vijayaraghavan, V. and Kavi, K.M. and Shirazi, B.},
	booktitle = {Applied Computing, 1991., [Proceedings of the 1991] Symposium on},
	title = {Control flow extensions to the dataflow language SISAL},
	year = {1991},
	month = {apr},
	volume = {},
	number = {},
	pages = {130 -138},
	keywords = {Computational modeling;Computer languages;Concurrent computing;Data mining;Parallel processing;Parallel programming;Process control;Programming profession;Proposals;Switches;parallel languages;SISAL language;Sequent;break;coarse grain concurrency;control flow based concurrent programming languages;data dependencies;dataflow language;dataflow programming;fine grain parallelism;fork;join;synchronization;},
	doi = {10.1109/SOAC.1991.143862},
	issn = {}
}

@inproceedings{183202,
	author = {Kavi, K.M. and Vijayaraghavan, V. and Shirazi, B. and Hurson, A.},
	booktitle = {System Sciences, 1992. Proceedings of the Twenty-Fifth Hawaii International Conference on},
	title = {Barriers and break-points in dataflow: extensions to SISAL language },
	year = {1992},
	month = {jan},
	volume = {i},
	number = {},
	pages = {526 -534 vol.1},
	keywords = {Communication system control;Computational modeling;Computer architecture;Computer languages;Concurrent computing;Debugging;Delay;Parallel processing;Program processors;Programming profession; parallel languages; parallel programming; SISAL language; barriers; break-points; coarse-grain parallelism; data dependencies; dataflow language; dataflow model; dataflow: extensions; debugging; fine-grain parallelism; join construct; synchronization;},
	doi = {10.1109/HICSS.1992.183202},
	issn = {}
}

@article{5719584,
	author = {Lindtjorn, O. and Clapp, R. G. and Pell, O. and Mencer, O. and Flynn, M. J. and Haohuan Fu},
	journal = {Micro, IEEE},
	title = {{Beyond Traditional Microprocessors for Geoscience High-Performance Computing Applications}},
	year = {2011},
	volume = {31},
	number = {2},
	pages = {41-49},
	keywords = {field programmable gate arrays;microprocessor chips;natural gas technology;petroleum industry;production engineering computing;FPGA-based hardware;gas industry;geoscience computational cycles;geoscience high-performance computing;microprocessors;oil industry;Acceleration;Bandwidth;Computational modeling;Field programmable gate arrays;Hardware;Kernel;Sparse matrices;field-programmable gate array;geosciences;high-performance computing},
	doi = {10.1109/MM.2011.17},
	issn = {0272-1732}
}

@article{6226384,
	author = {Pell, O. and Bower, J. and Dimond, R. and Mencer, O. and Flynn, M.},
	journal = {IEEE Transactions on Parallel and Distributed Systems},
	title = {{Finite Difference Wave Propagation Modeling on Special Purpose Dataflow Machines}},
	year = {2012},
	month = { },
	keywords = {Computer Systems Organization;Dataflow architectures;General;Hardware;Heterogeneous (hybrid) systems;Other Architecture Styles;Processor Architectures;},
	issn = {1045-9219}
}

@inproceedings{6322875,
	author = {Cardoso, J.M.P.},
	booktitle = {ReCoSoC},
	title = {{Programming Strategies for Runtime Adaptability}},
	year = {2012},
	keywords = {Batteries;Context;Energy states;Java;Reactive power;Runtime;Weaving;aspect-oriented programming;binary codes;embedded systems;object-oriented languages;program compilers;program diagnostics;software portability;software process improvement;LARA;adaptability behavior;application functionalities;aspect-oriented programming language;domain-specific language;dynamic application behavior adaptation;embedded computing systems;executable binary codes;high-level binary codes;portability improvement;programming strategies;runtime adaptability;runtime system;strategy specification code;FPGAs;LARA;aspect-oriented programming;compilers;embedded computing;runtime adaptability;},
	doi = {10.1109/ReCoSoC.2012.6322875},
	issn = {}
}

@inproceedings{6322881,
	author = {Santambrogio, M.D. and Pnevmatikatos, D. and Papadimitriou, K. and Pilato, C. and Gaydadjiev, G. and Stroobandt, D. and Davidson, T. and Becker, T. and Todman, T. and Luk, W. and Bonetto, A. and Cazzaniga, A. and Durelli, G.C. and Sciuto, D.},
	booktitle = {ReCoSoC},
	title = {{Smart Technologies for Effective Reconfiguration: The FASTER approach}},
	year = {2012},
	keywords = {Computer architecture;Context;Field programmable gate arrays;Hardware;Runtime;Schedules;Software;customer satisfaction;field programmable gate arrays;logic design;microprocessor chips;performance evaluation;power aware computing;reconfigurable architectures;FASTER project;FASTER toolchain;FPGA;Facilitating Analysis and Synthesis Technologies for Effective Reconfiguration project;complex reconfigurable systems;customer satisfaction;customer tracking;design time reduction;general purpose processor;hardware accelerators;hardware adaptation;high-level description;market trends;partial dynamic reconfiguration;performance efficiency;power efficiency;product lifetime;smart technologies;software adaptivity;system specification;technology trends;user applications;verification time reduction;}
}

@inproceedings{6339256,
	author = {Qiwei Jin and Becker, T. and Luk, W. and Thomas, D.},
	booktitle = {FPL},
	title = {{Optimising Explicit Finite Difference Option Pricing for Dynamic Constant Reconfiguration}},
	year = {2012},
	keywords = {Accuracy;Equations;Hardware;Kernel;Mathematical model;Pricing;Reactive power;error analysis;field programmable gate arrays;financial management;finite difference methods;fixed point arithmetic;optimisation;pricing;reconfigurable architectures;resource allocation;Virtex-6 XC6VLX760 FPGA;area-computation-time product reduction;dynamic constant reconfiguration;error tolerance;explicit finite difference option pricing optimisation;fixed point implementations;hardware resource consumption reduction;industrial computation;numerical errors;randomly generated option pricing problem;reconfigurable hardware;reconfiguration area upper bound reduction;run-time reconfiguration;stencil based numerical procedures;}
}

@inproceedings{6386896,
	author = {Pnevmatikatos, D. and Becker, T. and Brokalakis, A. and Bruneel, K. and Gaydadjiev, G. and Luk, W. and Papadimitriou, K. and Papaefstathiou, I. and Pell, O. and Pilato, C. and Robart, M. and Santambrogio, M.D. and Sciuto, D. and Stroobandt, D. and Todman, T.},
	booktitle = {DSD},
	title = {{FASTER: Facilitating Analysis and Synthesis Technologies for Effective Reconfiguration}},
	year = {2012},
	month = {},
	volume = {},
	number = {},
	pages = {},
	keywords = {Computer architecture;Field programmable gate arrays;Hardware;Power demand;Schedules;Software;XML;partial reconfiguration;reconfigurable computing;relocation;run-time reconfiguration;run-time system;tools for reconfiguration;},
	doi = {10.1109/DSD.2012.59},
	issn = {}
}

@inproceedings{710029,
	author = {Dongarra, J. and Fagg, G. and Geist, A. and Kohl, J.A. and Papadopoulos, P.M. and Scott, S.L. and Sunderam, V. and Magliardi, M.},
	booktitle = {HPDC},
	title = {{HARNESS: Heterogeneous Adaptable Reconfigurable NEtworked SystemS}},
	year = {1998},
	keywords = {Collaboration;Computer networks;Computer vision;Concurrent computing;Distributed computing;Dynamic programming;Grid computing;Parallel programming;Virtual environment;Virtual machining;computer networks;distributed processing;parallel programming;reconfigurable architectures;virtual machines;HARNESS;computational grids;distributed parallel programming;distributed system;dynamically adaptable parallel applications;heterogeneous adaptable reconfigurable networked systems;legacy applications;merging;network computers;personal virtual machine;plug-in interfaces;},
	doi = {10.1109/HPDC.1998.710029},
	issn = {1082-8907}
}

@inproceedings{Arram:2013,
	author = {J. Arram and K.H. Tsoi and Wayne Luk and P. Jiang},
	booktitle = {ARC},
	title = {{Hardware Acceleration of Genetic Sequence Alignment}},
	year = {2013}
}

@techreport{Asanovic:Bodik:Catanzaro:Gebis:Husbands:Keutzer:Patterson:Plishker:Shalf:Williams:Yelick:2006,
	author = {Asanovic, Krste and Bodik, Ras and Catanzaro, Bryan Christopher and Gebis, Joseph James and Husbands, Parry and Keutzer, Kurt and Patterson, David A. and Plishker, William Lester and Shalf, John and Williams, Samuel Webb and Yelick, Katherine A.},
	title = {{The Landscape of Parallel Computing Research: A View from Berkeley}},
	institution = {EECS Department, University of California, Berkeley},
	year = {2006}
}

@misc{Autotools,
	author = {GNU},
	url = {http://www.gnu.org/software/automake/manual/html_node/Autotools-Introduction.html},
	title = {AutoTools Introduction}
}

@article{Cardoso:Bertels:Kuzmanov:Nane:Sima:2011,
	title = {{REFLECT: Rendering FPGAs to Multi-Core Embedded Computing}},
	author = {Cardoso, J.M.P. and Bertels, KLM and Kuzmanov, GK and Nane, R. and Sima, VM},
	journal = {{Reconfigurable Computing: From FPGAs to Hardware/Software Codesign}},
	pages = {261--289},
	year = {2011},
	publisher = {Springer}
}

@inproceedings{Cardoso:Carvalho:Cutinho:Luk:Nobre:Diniz:Petrov:2012,
	author = {Cardoso, Joao M.P. and Carvalho, Tiago and Coutinho, Jos{\'e} G.F. and Luk, Wayne and Nobre, Ricardo and Diniz, Pedro and Petrov, Zlatko},
	title = {{LARA: an Aspect-Oriented Programming Language for Embedded Systems}},
	booktitle = {AOSD},
	year = {2012},
	isbn = {},
	location = {},
	pages = {},
	numpages = {12},
	url = {},
	doi = {},
	acmid = {},
	publisher = {},
	address = {},
	keywords = {FPGAs, aspect-oriented programming, compilers, domain-specific languages, embedded systems, reconfigurable computing}
}

@inproceedings{Cardoso:Carvalho:Teixeira:Diniz:Goncalves:Petrov:2012,
	author = {Cardoso, Joao M. P. and Carvalho, Tiago and Teixeira, Joao and Diniz, Pedro C. and Goncalves, Fernando and Petrov, Zlatko},
	booktitle = {SAMOS},
	title = {{Hardware/Software Specialization Through Aspects: The {LARA} Approach}},
	year = {2012},
	month = {},
	volume = {},
	number = {},
	pages = {},
	keywords = {Arrays;Context;Field programmable gate arrays;Hardware;Optimization;Software;FPGA;aspect-oriented programming (AOP);compilation;hardware synthesis;high-level synthesis;},
	doi = {10.1109/SAMOS.2012.6404183},
	issn = {}
}

@article{Cardoso:Diniz:Weinhardt:2010,
	title = {{Compiling for Reconfigurable Computing: A Survey}},
	author = {Cardoso, J.M.P. and Diniz, P.C. and Weinhardt, M.},
	journal = {ACM Computing Surveys (CSUR)},
	volume = {42},
	number = {4},
	pages = {13},
	year = {2010},
	publisher = {ACM}
}

@inproceedings{Cardoso:Teixeira:Alves:Nobre:Diniz:Cutinho:Luk:2012,
	author = {Cardoso, J.M.P. and Teixeira, J. and Alves, J.C. and Nobre, R. and Diniz, P.C. and Coutinho, J.G.F. and Luk, W.},
	booktitle = {FCCM},
	title = {{Specifying Compiler Strategies for {FPGA}-based Systems}},
	year = {2012},
	month = {},
	volume = {},
	number = {},
	pages = {},
	keywords = {aspect-oriented programming;electronic engineering computing;field programmable gate arrays;hardware-software codesign;program compilers;FPGA-based system;LARA;aspect-oriented hardware-software design;compiler strategy;domain-specific aspect-oriented programming language;embedded system;field programmable gate array;high-level compilation;high-level programming language;high-level specification;performance portability;source code;FPGA;aspect-oriented programming;compilation;hardware acceleration;hardware synthesis;strategies;},
	doi = {10.1109/FCCM.2012.41},
	issn = {}
}

@misc{CatapultC,
	author = {Mentor Graphics Corp},
	title = {Catapult {C} Synthesis {C} to Hardware Concepts},
	month = {October},
	year = {2009}
}

@misc{Cetus,
	author = {Purdue University},
	url = {http://wwww.cetus.ecn.purdue.edu/},
	title = {Cetus Source-to-Source Compiler Infrastructure}
}

@book{Chen:Cong:Pan,
	title = {{FPGA} Design Automation: A Survey},
	author = {Chen, D. and Cong, J. and Pan, P.},
	year = {2006},
	publisher = {"Foundations and Trends in Electronic Design Automation"}
}

@inproceedings{Cong:Zhang:Zou:2011,
	title = {{Combined Loop Transformation and Hierarchy Allocation for Data Reuse Optimization}},
	author = {Cong, J. and Zhang, P. and Zou, Y.},
	booktitle = {ICCAD},
	year = {2011}
}

@inproceedings{Cong:Zhang:Zou:2012,
	title = {{Optimizing Memory Hierarchy Allocation with Loop Transformations for High-Level Synthesis}},
	author = {Cong, J. and Zhang, P. and Zou, Y.},
	booktitle = {DAC},
	pages = {},
	year = {2012}
}

@misc{Cstandard,
	title = {C99 Language Standard},
	url = {http://www.open-std.org/jtc1/sc22/wg14/www/docs/n1256.pdf}
}

@misc{CtoVerilog,
	url = {http://www.c-to-verilog.com/online.html},
	title = {Online {C} to Verilog translator}
}

@mastersthesis{Czerniawski,
	author = {Stanislaw Czerniawski},
	title = {{Building Deep, Hazard-free Hardware Pipelines from OpenCL Programs}},
	year = {2011},
	school = {Imperial College London}
}

@incollection{Ferrer:Judit:Bellens:Duran:Gonzalez:Marorell:Badia:Ayquade:Labarta:2011,
	year = {2011},
	isbn = {978-3-642-19594-5},
	booktitle = {Languages and Compilers for Parallel Computing},
	volume = {6548},
	series = {Lecture Notes in Computer Science},
	editor = {Cooper, Keith and Mellor-Crummey, John and Sarkar, Vivek},
	doi = {10.1007/978-3-642-19595-2_15},
	title = {Optimizing the Exploitation of Multicore Processors and {GPU}s with {OpenMP} and {OpenCL}},
	url = {http://dx.doi.org/10.1007/978-3-642-19595-2_15},
	publisher = {Springer Berlin Heidelberg},
	author = {Ferrer, Roger and Planas, Judit and Bellens, Pieter and Duran, Alejandro and Gonzalez, Marc and Martorell, Xavier and Badia, RosaM. and Ayguade, Eduard and Labarta, Jesus},
	pages = {215-229}
}

@inproceedings{Flynn:Pell:Mencer:2012,
	author = {Flynn, M.J. and Pell, O. and Mencer, O.},
	booktitle = {FPL},
	title = {{Dataflow Supercomputing}},
	year = {2012},
	keywords = {Computational modeling;Field programmable gate arrays;Hardware;Kernel;Multicore processing;Programming;Servers;data flow computing;field programmable gate arrays;parallel machines;FPGA;computer architecture;computer design;data flow machine emulation;data stream;dataflow supercomputing;magnitude speedup;parallel processor speedup problem;performance scaling;programming models;},
	doi = {10.1109/FPL.2012.6339170},
	issn = {}
}

@inproceedings{Gokhale:Stone:Arnold:Kalinowski:2000,
	author = {Gokhale, M. and Stone, J. and Arnold, J. and Kalinowski, M.},
	booktitle = {FCCM},
	title = {{Stream-oriented {FPGA} Computing in the Streams-C High Level Language}},
	year = {2000},
	month = {},
	volume = {},
	number = {},
	pages = {},
	keywords = {Circuit simulation;Concurrent computing;Data flow computing;Field programmable gate arrays;Hardware;High level languages;Parallel processing;Payloads;Software libraries;Synchronization;C language;circuit layout CAD;field programmable gate arrays;hardware-software codesign;parallel processing;program compilers;reconfigurable architectures;software libraries;C language program;FPGA-based parallel processing;POSIX threads;Streams-C compiler;Streams-C high level language;VHDL;compiler technology;compute-intensive operations;control processor;functional simulation environment;hardware circuits;high-data-rate flow;language constructs;low precision fixed point;multi-threaded software program;software libraries;stream-oriented FPGA computing;stream-oriented computing;synchronization;},
	doi = {},
	issn = {}
}

@book{Gradecki:Lesiecki:2003,
	title = {{Mastering AspectJ: Aspect-Oriented Programming in Java}},
	author = {Gradecki, J.D. and Lesiecki, N.},
	year = {2003},
	publisher = {Wiley}
}

@misc{HimenoBenchmark,
	author = {},
	url = {http://accc.riken.jp/HPC/HimenoBMT/index.html},
	title = {{Himeno} Benchmark}
}

@misc{ImpulseC,
	url = {http://www.impulseaccelerated.com/products_universal.htm},
	title = {Impulse {C}}
}

@inproceedings{Jin:2012,
	author = {Q. Jin and D. Dong and A.H.T. Tse and G.C.T. Chow and D.B. Thomas and W. Luk and S. Weston},
	booktitle = {ARC},
	title = {{Multi-level Customisation Framework for Curve Based Monte Carlo Financial Simulations}},
	year = {2012}
}

@article{Kiczales:2001,
	title = {An overview of {AspectJ}},
	author = {Kiczales, G. and Hilsdale, E. and Hugunin, J. and Kersten, M. and Palm, J. and Griswold, W.},
	journal = {ECOOP 2001—Object-Oriented Programming},
	pages = {327--354},
	year = {2001},
	publisher = {Springer}
}

@inproceedings{Kiczales:2005:AP:1062455.1062640,
	author = {Kiczales, Gregor},
	title = {{Aspect-oriented Programming}},
	booktitle = {ICSE},
	year = {2005},
	isbn = {1-58113-963-2},
	location = {St. Louis, MO, USA},
	numpages = {1},
	doi = {10.1145/1062455.1062640},
	acmid = {1062640},
	keywords = {aspect-oriented design, aspect-oriented programming, software development}
}

@article{Kiczales:Lamping:Mendhekar:Maeda:Lopes:1997,
	title = {{Aspect-Oriented Programming}},
	author = {Kiczales, G. and Lamping, J. and Mendhekar, A. and Maeda, C. and Lopes, C. and Loingtier, J.M. and Irwin, J.},
	journal = {ECOOP},
	year = {1997}
}

@misc{LLVM,
	author = {{LLVM}},
	url = {http://www.llvm.org},
	title = {{LLVM} Compiler Infrastructure }
}

@inproceedings{Lam:Coutinho:Luk:2008,
	author = {Lam, Y.M. and Coutinho, J.G.F. and Luk, W.},
	booktitle = {SPL},
	title = {{Integrated Hardware/Software Codesign for Heterogeneous Computing Systems}},
	year = {2008},
	month = {},
	volume = {},
	number = {},
	pages = {},
	abstract = {This paper describes a strategy that integrates the task
                  mapping and task scheduling steps for heuristic
                  search techniques, with multiple neighbourhood
                  functions to reduce search time and enchance
                  solution quality in developing heterogeneous
                  computing systems. For case studies involving 40
                  randomly generated task graphs and the fast Fourier
                  transform, experimental results show that our
                  approach outperfroms previous approaches in terms of
                  search time by up to 93 times, and solution quality
                  by up to 22.6% for a system with a microprocessor, a
                  floating-point digital signal processor, and an
                  FPGA.},
	keywords = {Costs;Digital signal processors;Educational
                  institutions;Fast Fourier transforms;Field
                  programmable gate
                  arrays;Hardware;Microprocessors;Processor
                  scheduling;Signal generators;Simulated
                  annealing;fast Fourier transforms;graph
                  theory;hardware-software codesign;scheduling;search
                  problems;task analysis;fast Fourier
                  transform;heterogeneous computing systems;heuristic
                  search techniques;integrated hardware-software
                  codesign;neighbourhood functions;task graphs;task
                  mapping;task scheduling;},
	doi = {10.1109/SPL.2008.4547761},
	issn = {}
}

@inproceedings{Lindjtorn:Clapp:Pell:Mencer:Flynn:2010,
	author = {Olav Lindtjørn and Robert G. Clapp and Oliver Pell and Oskar Mencer and Michael J Flynn },
	title = {{Surviving the End of Scaling of Traditional Micro Processors in {HPC}}},
	publisher = {IEEE HOT CHIPS 22},
	year = 2010
}

@phdthesis{Lucarz:2011,
	address = {Lausanne},
	affiliation = {EPFL},
	author = {Lucarz, Christophe},
	details = {http://infoscience.epfl.ch/record/165393},
	doctoral = {EDIC},
	documenturl = {http://infoscience.epfl.ch/record/165393/files/EPFL_TH5069.pdf},
	doi = {10.5075/epfl-thesis-5069},
	extra-id = {6418470},
	keywords = {data flow; parallelism; design space exploration;
                     design flow; high level of abstraction; heterogeneous
                     platforms; profiling; partitioning; scheduling;
                     performance evaluation; code generation; flux de
                     données; parallélisme; exploration des solutions;
                     méthode de conception; abstraction haut niveau;
                     plateformes hétérogènes; profilage; partitionnement;
                     ordonnancement; évaluation des performances;
                     génération de code},
	oai-id = {oai:infoscience.epfl.ch:165393},
	oai-set = {thesis-urn},
	original-unit = {GR-LSM},
	pagecount = {170},
	production-date = 2011,
	publisher = {EPFL},
	school = {STI},
	status = {PUBLISHED},
	thesis-id = {5069},
	title = {Dataflow {P}rogramming for {S}ystems {D}esign
                     {S}pace {E}xploration for {M}ulticore {P}latforms},
	unit = {SCI-STI-MM},
	urn = {urn:nbn:ch:bel-epfl-thesis5069-3},
	year = 2011
}

@inproceedings{Luk:Cutinho:Todman:Lam:Osborne:Susanto:Liu:Wong:2009,
	author = {Luk, W. and Coutinho, J.G.F. and Todman, T. and Lam, Y.M. and Osborne, W. and Susanto, K.W. and Liu, Q. and Wong, W.S.},
	booktitle = {SOC Conference, 2009. SOCC 2009. IEEE International},
	title = {A high-level compilation toolchain for heterogeneous systems},
	year = {2009},
	month = {sept.},
	volume = {},
	number = {},
	pages = {9 -18},
	keywords = {Application software;Control system synthesis;Digital signal processing;Digital signal processors;Educational institutions;Engines;Field programmable gate arrays;Graphical user interfaces;Hardware;Resource management;C language;multiprocessing systems;optimising compilers;Harmonic;data representation optimiser;digital signal processors;field-programmable gate arrays;general-purposed processors;hardware synthesiser;high-level C program;high-level compilation toolchain;mapping selector;multiprocessor heterogeneous systems;program optimisation;task transformation engine;},
	doi = {10.1109/SOCCON.2009.5398108},
	issn = {}
}

@misc{MaxWorkstation,
	title = {Maxeler MaxWorkstation Specification},
	author = {Maxeler},
	url = {http://www.maxeler.com/products/desktop/}
}

@misc{Maxeler,
	author = {Maxeler},
	url = {http://www.maxeler.com/media/documents/MaxelerWhitePaperMaxCompiler.pdf},
	title = {{MaxCompiler} White Paper}
}

@misc{MaxelerFD,
	author = {MaxelerFD},
	url = {http://www.maxeler.com/media/documents/MaxelerWhitePaperMaxGenFD.pdf},
	title = {{MaxGenFD} White Paper}
}

@misc{MaxelerTechnologies:2012,
	title = {{Method and Apparatus for Designing and Generating a Stream Processor US Patent US20120330638 A1}},
	author = {Pell, O. and Huggett, J},
	year = {2012}
}

@article{Mencer:2006,
	title = {{ASC: a Stream Compiler for Computing with FPGAs}},
	author = {Mencer, O.},
	journal = {IEE Transactions on Computer-Aided Design of Integrated Circuits and Systems},
	pages = {1603--1617},
	year = {2006},
	publisher = {IEEE}
}

@inproceedings{Mencer:2012,
	author = {Mencer, Oskar},
	booktitle = {SAMOS},
	title = {{Maximum Performance Computing for Exascale Applications}},
	year = {2012},
	month = {},
	volume = {},
	number = {},
	pages = {},
	keywords = {Abstracts;Awards activities;Chemistry;Density measurement;Educational institutions;Physics;Quantum computing;},
	doi = {10.1109/SAMOS.2012.6404150},
	issn = {}
}

@article{Neumann:1993,
	author = {von Neumann, J.},
	journal = {Annals of the History of Computing},
	title = {First draft of a report on the {EDVAC}},
	year = {1993},
	pages = {27 -75},
	abstract = {The first draft of a report on the EDVAC written by John von Neumann is presented. This first draft contains a wealth of information, and it had a pervasive influence when it was first written. Most prominently, Alan Turing cites it in his proposal for the Pilot automatic computing engine (ACE) as the definitive source for understanding the nature and design of a general-purpose digital computer.<>},
	keywords = {Electrical engineering;Engines;Forward contracts;History;Laboratories;Mathematics;Pain;Physics computing;Proposals;Statistics;digital computers;history;EDVAC;automatic computing engine;general-purpose digital computer;history;},
	doi = {10.1109/85.238389},
	issn = {1058-6180}
}

@misc{OpenCL,
	author = {Khronos},
	url = {http://www.khronos.org/opencl/},
	title = {{OpenCL} Specification}
}

@inproceedings{Oriato:Tilbury:Marrocu:Pusceddu:2012,
	author = {Oriato, D. and Tilbury, S. and Marrocu, M. and Pusceddu, G.},
	booktitle = {SAAHPC},
	title = {{Acceleration of a Meteorological Limited Area Model with Dataflow Engines}},
	year = {2012},
	month = {},
	volume = {},
	number = {},
	pages = {},
	keywords = {Atmospheric modeling;Computational modeling;Equations;Mathematical model;Meteorology;Numerical models;Software;data flow computing;search engines;CPU node;climate modeling;data volumes;dataflow engines;dynamic core;high performance computing;meteorological limited area model acceleration;reordering operations;weather modeling;acceleration;climate;dataflow;hydrostatic;meteorology;paralellism;performance;weather;},
	doi = {10.1109/SAAHPC.2012.8},
	issn = {2166-5133}
}

@article{Pell:Mencer:2011,
	author = {Pell, Oliver and Mencer, Oskar},
	title = {{Surviving the end of Frequency Scaling with Reconfigurable Dataflow Computing}},
	journal = {SIGARCH Comput. Archit. News},
	issue_date = {September 2011},
	year = {2011},
	issn = {0163-5964},
	pages = {60--65},
	numpages = {6},
	acmid = {2082172},
	publisher = {ACM},
	address = {New York, NY, USA}
}

@article{Quinlan:2000,
	author = {Quinlan, Dan},
	title = {{ROSE: Compiler Support For Object-Oriented Frameworks}},
	journal = {Parallel Processing Letters},
	volume = {10},
	number = {},
	pages = {215-226},
	year = {2000},
	doi = {10.1142/S0129626400000214}
}

@misc{ROSE,
	author = {Lawrence Livermore National Laboratory},
	url = {http://www.rosecompiler.org},
	title = {{ROSE} Compiler Infrastructure}
}

@inproceedings{Sato:Inoguchi:Luk:Nahamura:2012,
	title = {{Evaluating Reconfigurable Dataflow Computing Using the Himeno Benchmark}},
	author = {Sato, Y. and Inoguchi, Y. and Luk, W. and Nakamura, T.},
	booktitle = {ReConFig},
	year = {2012}
}

@inproceedings{Spinczyk:Gal:Schroder:2002,
	title = {{AspectC++: an Aspect-Oriented Extension to the {C++} Programming Language}},
	author = {Spinczyk, O. and Gal, A. and Schr{\"o}der-Preikschat, W.},
	booktitle = {TOOLS Pacific},
	year = {2002}
}

@inproceedings{Thies:Karczmarek:Amarasinghe:2002,
	title = {{StreamIt: A Language for Streaming Applications}},
	author = {Thies, W. and Karczmarek, M. and Amarasinghe, S.},
	booktitle = {Compiler Construction},
	pages = {49--84},
	year = {2002},
	organization = {Springer}
}

@misc{Tiobe:2012,
	author = {{Tiobe Software}},
	title = {{Tiobe Programming Index}},
	month = January,
	year = {2012},
	howpublished = {\url{http://www.tiobe.com/index.php/content/paperinfo/tpci/index.html}}
}

@misc{Virtex6,
	author = {Xilinx},
	url = {http://www.xilinx.com/support/documentation/data_sheets/ds150.pdf},
	title = {Virtex 6 Family Overview }
}

@misc{Vivado,
	author = {Xilinx},
	url = {http://www.xilinx.com/products/design-tools/vivado/index.htm},
	title = {Vivado Design Suite}
}

@inproceedings{Weston:Martin:Spooner:Pell:Mencer:2010,
	author = {Weston, Stephen and Marin, Jean-Tristan and Spooner, James and Pell, Oliver and Mencer, Oskar},
	booktitle = {WHPCF},
	title = {{Accelerating the Computation of Portfolios of Tranched Credit Derivatives}},
	year = {2010},
	month = {},
	volume = {},
	number = {},
	pages = {},
	keywords = {Acceleration;Computational modeling;Convolution;Field programmable gate arrays;Kernel;Portfolios;Pricing;},
	doi = {10.1109/WHPCF.2010.5671822},
	issn = {}
}

@inproceedings{Xinyu:Qiwei:Luk:Qiang:Pell:2012,
	author = {Xinyu Niu and Qiwei Jin and Luk, W. and Qiang Liu and Pell, O.},
	booktitle = {FPL},
	title = {{Exploiting Run-Time Reconfiguration in Stencil Computation}},
	year = {2012},
	month = {},
	volume = {},
	number = {},
	pages = {},
	keywords = {Algorithm design and analysis;Analytical models;Field programmable gate arrays;Hardware;Kernel;Partitioning algorithms;Throughput;field programmable gate arrays;graphics processing units;optimisation;CPU reference designs;GPU;Maxeler MAX3424A system;RTM;Virtex-6 FPGA;field programmable gate arrays;field-programmable accelerators;graphics processing units;reversetime migration;run-time reconfiguration;stencil computation;},
	doi = {},
	issn = {}
}

@book{aho1977principles,
	title = {{Principles of Compiler Design}},
	author = {Aho, Alfred V and Ullman, Jeffrey D and Biswas, Supratim},
	year = {1977},
	publisher = {Addison-Wesley}
}

@article{amarasinghe2009exascale,
	title = {{Exascale Software Study: Software Challenges in Extreme Scale Systems}},
	author = {Amarasinghe, Saman and Campbell, Dan and Carlson, William and Chien, Andrew and Dally, William and Elnohazy, Elmootazbellah and Hall, Mary and Harrison, Robert and Harrod, William and Hill, Kerry and others},
	journal = {DARPA IPTO, Air Force Research Labs, Tech. Rep},
	year = {2009}
}

@article{araya2011assessing,
	title = {{Assessing Accelerator-based HPC Reverse Time Migration}},
	author = {{M. Araya-Polo \emph{et al}}},
	journal = {IEEE Transactions on Parallel and Distributed Systems},
	volume = {22},
	number = {1},
	pages = {147--162},
	year = {2011},
	publisher = {IEEE}
}

@phdthesis{archambault2010fine,
	title = {Fine-Grain Parallelism},
	author = {Archambault, Erik},
	year = {2010},
	school = {WORCESTER POLYTECHNIC INSTITUTE}
}

@article{ashcroft1977lucid,
	title = {{Lucid, a Nonprocedural Language with Iteration}},
	author = {Ashcroft, Edward A. and Wadge, William W.},
	journal = {Communications of the ACM},
	volume = {20},
	number = {7},
	pages = {519--526},
	year = {1977},
	publisher = {ACM}
}

@article{ashcroft1980some,
	title = {Some common misconceptions about Lucid},
	author = {Ashcroft, Ed and Wadge, Bill},
	journal = {ACM SIGPLAN Notices},
	volume = {15},
	number = {10},
	pages = {15--26},
	year = {1980},
	publisher = {ACM}
}

@inproceedings{batcher1968sorting,
	title = {Sorting networks and their applications},
	author = {Batcher, Kenneth E},
	booktitle = {Proceedings of the April 30--May 2, 1968, spring joint computer conference},
	pages = {307--314},
	year = {1968},
	organization = {ACM}
}

@article{baysal1983reverse,
	title = {{Reverse Time Migration}},
	author = {Baysal, Edip and Kosloff, Dan D and Sherwood, John WC},
	journal = {Geophysics},
	volume = {48},
	number = {11},
	pages = {1514--1524},
	year = {1983},
	publisher = {Society of Exploration Geophysicists}
}

@misc{blackscholes,
	author = {planetmath.org},
	url = {http://planetmath.org/solvingtheblackscholespdebyfinitedifferences},
	title = {{Solving the Black-Scholes PDE by finite differences}}
}

@article{boehm1984software,
	title = {Software engineering economics},
	author = {Boehm, Barry W},
	journal = {Software Engineering, IEEE Transactions on},
	number = {1},
	pages = {4--21},
	year = {1984},
	publisher = {IEEE}
}

@misc{boost1.47,
	author = {Boost},
	url = {http://www.boost.org/users/history/version_1_47_0.html},
	title = {{Boost C++ Library}}
}

@inproceedings{cardoso2011new,
	title = {{A New Approach to Control and Guide the Mapping of Computations to {FPGA}s}},
	author = {Cardoso, Jo{\~a}o MP and Nane, Razvan and Diniz, Pedro C and Petrov, Zlatko and Kr{\'a}tk{\`y}, Kamil and Bertels, Koen and H{\"u}bner, Michael and Gon{\c{c}}alves, Fernando and Coutinho, Jos{\'e} Gabriel de F and Constantinides, George and others},
	booktitle = {ERSA},
	pages = {},
	year = {2011}
}

@misc{chen2006convention,
	title = {Convention over configuration},
	author = {Chen, Nicholas},
	url = {http://softwareengineering.vazexqi.com/files/pattern.html},
	year = {2006}
}

@book{cooper2011engineering,
	title = {Engineering a compiler},
	author = {Cooper, Keith and Torczon, Linda},
	year = {2011},
	publisher = {Morgan Kaufmann}
}

@inproceedings{datta2008stencil,
	title = {{Stencil Computation Optimization and Auto-Tuning on State-of-the-Art Multicore Architectures}},
	author = {Datta, Kaushik and Murphy, Mark and Volkov, Vasily and Williams, Samuel and Carter, Jonathan and Oliker, Leonid and Patterson, David and Shalf, John and Yelick, Katherine},
	booktitle = {SC},
	pages = {4},
	year = {2008},
	organization = {IEEE Press}
}

@inproceedings{flynn2008finding,
	title = {Finding speedup in parallel processors},
	author = {Flynn, Michael and Dimond, R and Mencer, O and Pell, O},
	booktitle = {Parallel and Distributed Computing, 2008. ISPDC'08. International Symposium on},
	pages = {3--7},
	year = {2008},
	organization = {IEEE}
}

@inproceedings{fu2011eliminating,
	title = {{Eliminating the Memory Bottleneck: an FPGA-based Solution for 3D Reverse Time Migration}},
	author = {Fu, H. and Clapp, R.G.},
	booktitle = {Proceedings of the 19th ACM/SIGDA International Symposium on Field Programmable Gate Arrays},
	year = {2011}
}

@inproceedings{graepel2010web,
	title = {Web-scale Bayesian click-through rate prediction for sponsored search advertising in Microsoft’s Bing search engine},
	author = {Graepel, Thore and Candela, Joaquin Quinonero and Borchert, Thomas and Herbrich, Ralf},
	booktitle = {Proceedings of the 27th international conference on machine learning},
	pages = {13--20},
	year = {2010}
}

@article{gurd1987implicit,
	title = {{Implicit Parallel Processing: {SISAL} on the {Manchester} Dataflow Computer}},
	author = {Gurd, J and Bohm, W},
	journal = {Proceedings of the IBM-Europe Institute on Parallel Professing },
	year = {1987}
}

@article{halbwachs1991synchronous,
	title = {{The Synchronous Data Flow Programming Language LUSTRE}},
	author = {Halbwachs, Nicholas and Caspi, Paul and Raymond, Pascal and Pilaud, Daniel},
	journal = {Proceedings of the IEEE},
	volume = {79},
	number = {9},
	pages = {1305--1320},
	year = {1991},
	publisher = {IEEE}
}

@article{halbwachs1992programming,
	title = {{Programming and Verifying Real-time Systems by Means of the Synchronous Data-flow Language LUSTRE}},
	author = {Halbwachs, Nicolas and Lagnier, Fabienne and Ratel, Christophe},
	journal = {IEEE Transactions on Software Engineering},
	volume = {18},
	number = {9},
	pages = {785--793},
	year = {1992},
	publisher = {IEEE}
}

@unpublished{hfu2010accelerate,
	title = {Accelerating Scientific Computing Through GPUs and FPGAs},
	author = {Haohuan Fu},
	institution = {Stanford Center for Computational Earth & Environmental Science}
}

@book{jacobson2004aspect,
	title = {Aspect-Oriented Software Development with Use Cases (Addison-Wesley Object Technology Series)},
	author = {Jacobson, Ivar and Ng, Pan-Wei},
	year = {2004},
	publisher = {Addison-Wesley Professional}
}

@article{johnston2004advances,
	title = {Advances in dataflow programming languages},
	author = {Johnston, Wesley M and Hanna, JR and Millar, Richard J},
	journal = {ACM Computing Surveys (CSUR)},
	volume = {36},
	number = {1},
	pages = {1--34},
	year = {2004},
	publisher = {ACM}
}

@inproceedings{jones2010gpu,
	title = {GPU versus FPGA for high productivity computing},
	author = {Jones, David H and Powell, Adam and Bouganis, C-S and Cheung, Peter YK},
	booktitle = {Field Programmable Logic and Applications (FPL), 2010 International Conference on},
	pages = {119--124},
	year = {2010},
	organization = {IEEE}
}

@inproceedings{koch2011fpgasort,
	title = {FPGASort: a high performance sorting architecture exploiting run-time reconfiguration on FPGAs for large problem sorting},
	author = {Koch, Dirk and Torresen, Jim},
	booktitle = {Proceedings of the 19th ACM/SIGDA international symposium on Field programmable gate arrays},
	pages = {45--54},
	year = {2011},
	organization = {ACM}
}

@article{kogge2008exascale,
	title = {Exascale computing study: Technology challenges in achieving exascale systems},
	author = {Kogge, Peter and Bergman, Keren and Borkar, Shekhar and Campbell, Dan and Carson, W and Dally, William and Denneau, Monty and Franzon, Paul and Harrod, William and Hill, Kerry and others},
	year = {2008}
}

@article{lyness1967numerical,
	title = {Numerical differentiation of analytic functions},
	author = {Lyness, James N and Moler, Cleve B},
	journal = {SIAM Journal on Numerical Analysis},
	volume = {4},
	number = {2},
	pages = {202--210},
	year = {1967},
	publisher = {SIAM}
}

@inproceedings{marcelino2009unbalanced,
	title = {Unbalanced FIFO sorting for FPGA-based systems},
	author = {Marcelino, Rui and Neto, Hor{\'a}cio C and Cardoso, Jo{\~a}o MP},
	booktitle = {Electronics, Circuits, and Systems, 2009. ICECS 2009. 16th IEEE International Conference on},
	pages = {431--434},
	year = {2009},
	organization = {IEEE}
}

@techreport{mcgraw1983sisal,
	title = {{SISAL: Streams and Iteration in a Single-assignment Language}},
	author = {{J. McGraw \emph{et al.}}},
	year = {1983},
	institution = {Lawrence Livermore National Lab}
}

@misc{mdx,
	author = {Maxeler},
	url = {https://groups.google.com/a/maxeler.com/forum/?fromgroups#!forum/mdx},
	title = {Maxeler Developer Exchange}
}

@book{metaprogramming,
	year = {2001},
	isbn = {978-3-540-42558-8},
	booktitle = {Semantics, Applications, and Implementation of Program Generation},
	volume = {2196},
	series = {Lecture Notes in Computer Science},
	editor = {Taha, Walid},
	doi = {10.1007/3-540-44806-3_2},
	title = {Accomplishments and Research Challenges in Meta-programming},
	publisher = {Springer Berlin Heidelberg},
	author = {Sheard, Tim},
	pages = {2-44},
	language = {English}
}

@book{nielson1999principles,
	title = {Principles of program analysis},
	author = {Nielson, Flemming and Nielson, Hanne R and Hankin, Chris},
	year = {1999},
	publisher = {Springer-Verlag New York Incorporated}
}

@misc{pLucid,
	author = {Tony Faustini, Bill Wadge},
	url = {http://www.gnu.org/software/automake/manual/html_node/Autotools-Introduction.html},
	title = {{pLucid}}
}

@inproceedings{pgrig,
	author = {P. Grigoras and X. Niu and J. G. Coutinho and W. Luk and J. Bower and O. Pell},
	booktitle = {ASAP (to appear)},
	year = {2013},
	title = {{Aspect Driven Compilation for Dataflow Designs}}
}

@inproceedings{phillips2010implementing,
	title = {{Implementing the Himeno Benchmark with CUDA on GPU clusters}},
	author = {Phillips, Everett H and Fatica, Massimiliano},
	booktitle = {IPDPS},
	pages = {1--10},
	year = {2010}
}

@article{savitzky1964smoothing,
	title = {Smoothing and differentiation of data by simplified least squares procedures.},
	author = {Savitzky, Abraham and Golay, Marcel JE},
	journal = {Analytical chemistry},
	volume = {36},
	number = {8},
	pages = {1627--1639},
	year = {1964},
	publisher = {ACS Publications}
}

@inproceedings{thies2002streamit,
	title = {StreamIt: A language for streaming applications},
	author = {Thies, W. and Karczmarek, M. and Amarasinghe, S.},
	booktitle = {Compiler Construction},
	pages = {49--84},
	year = {2002},
	organization = {Springer}
}

@inproceedings{todman2012verification,
	title = {Verification of streaming designs by combining symbolic simulation and equivalence checking},
	author = {Todman, Tim and Luk, Wayne},
	booktitle = {Field Programmable Logic and Applications (FPL), 2012 22nd International Conference on},
	pages = {203--208},
	year = {2012},
	organization = {IEEE}
}

@inproceedings{trimberger1998scheduling,
	title = {Scheduling designs into a time-multiplexed FPGA},
	author = {Trimberger, Steve},
	booktitle = {Proceedings of the 1998 ACM/SIGDA sixth international symposium on Field programmable gate arrays},
	pages = {153--160},
	year = {1998},
	organization = {ACM}
}

@article{wadge1985lucid,
	title = {{Lucid, the Dataflow Programming Langugage}},
	author = {Wadge, William W and Ashcroft, Edward A},
	year = {1985}
}

@book{wolfe1995high,
	title = {{High Performance Compilers for Parallel Computing}},
	author = {Wolfe, M.J. and Shanklin, C. and Ortega, L.},
	year = {1995},
	publisher = {Addison-Wesley Longman}
}

@unpublished{xinyu2013selfaware,
	author = {Xinyu Niu, Qiwei Jin, Wayne Luk and Stephen Weston},
	title = {{A Self-Aware Tuning and Evaluation Method for Finite-Difference Applications in Reconfigurable Systems}},
	year = {2013}
}

@article{yang2012hybrid,
	title = {A hybrid circular queue method for iterative stencil computations on GPUs},
	author = {Yang, Yang and Cui, Hui-Min and Feng, Xiao-Bing and Xue, Jing-Ling},
	journal = {Journal of Computer Science and Technology},
	volume = {27},
	number = {1},
	pages = {57--74},
	year = {2012}
}

