@INPROCEEDINGS{flynn, 
author={Flynn, M.J. and Pell, O. and Mencer, O.}, 
booktitle={Field Programmable Logic and Applications (FPL), 2012 22nd International Conference on}, title={Dataflow supercomputing}, 
year={2012}, 
month={aug.}, 
volume={}, 
number={}, 
pages={1 -3}, 
keywords={Computational modeling;Field programmable gate arrays;Hardware;Kernel;Multicore processing;Programming;Servers;data flow computing;field programmable gate arrays;parallel machines;FPGA;computer architecture;computer design;data flow machine emulation;data stream;dataflow supercomputing;magnitude speedup;parallel processor speedup problem;performance scaling;programming models;}, 
doi={10.1109/FPL.2012.6339170}, 
ISSN={},}